@misc{LOPD2018,
  title = {{Ley Org{\'a}nica 3/2018, de 5 de diciembre, de Protecci{\'o}n de Datos Personales y garant{\'\i}a de los derechos digitales}},
  howpublished = {Bolet{\'\i}n Oficial del Estado, n{\'{u}}m. 294},
  year = {2018},
  month = {Diciembre},
  note = {Disponible en: \url{https://www.boe.es/eli/es/lo/2018/12/05/3/con}}
}

@misc{RGPD2016,
  title = {{Reglamento (UE) 2016/679 del Parlamento Europeo y del Consejo relativo a la protecci{\'o}n de las personas f{\'\i}sicas en lo que respecta al tratamiento de datos personales y a la libre circulaci{\'o}n de estos datos}},
  howpublished = {Diario Oficial de la Uni{\'o}n Europea},
  year = {2016},
  month = {Abril},
  note = {Disponible en: \url{https://eur-lex.europa.eu/legal-content/ES/TXT/?uri=CELEX\%3A32016R0679}}
}

@misc{PRIA2021,
  title = {{Propuesta de Reglamento del Parlamento Europeo y del Consejo por el que se establecen normas armonizadas en materia de Inteligencia Artificial}},
  howpublished = {Comisi{\'o}n Europea},
  year = {2021},
  month = {Abril},
  note = {Disponible en: \url{https://eur-lex.europa.eu/legal-content/ES/TXT/?uri=CELEX:52021PC0206}}
}

@misc{RDL1996,
  title = {{Real Decreto Legislativo 1/1996, de 12 de abril, por el que se aprueba el texto refundido de la Ley de Propiedad Intelectual}},
  howpublished = {Bolet{\'\i}n Oficial del Estado, n{\'{u}}m. 97},
  year = {1996},
  month = {Abril},
  note = {Disponible en: \url{https://www.boe.es/buscar/act.php?id=BOE-A-1996-8930}}
}